@article{Makoto_Takuji,
author = {Matsumoto, Makoto and Nishimura, Takuji},
title = {Mersenne Twister: A 623-Dimensionally Equidistributed Uniform Pseudo-Random Number Generator},
year = {1998},
issue_date = {Jan. 1998},
publisher = {Association for Computing Machinery},
address = {New York, NY, USA},
volume = {8},
number = {1},
issn = {1049-3301},
url = {https://doi.org/10.1145/272991.272995},
doi = {10.1145/272991.272995},
journal = {ACM Trans. Model. Comput. Simul.},
}

@online{educativeMersenneTwister,
  url = {https://www.educative.io/answers/what-is-mersenne-twister},
  author = {},
  date = {},
  title = {educative},
  subtitle= {What is Mersenne Twister?},
  urldate={2023-07-29}
}

@online{SEIR_Heidelberg,
  url = {https://www.ita.uni-heidelberg.de/~dullemond/software/epidemo/seirmodels.html},
  author = {Cornelis P. Dullemond},
  date = {},
  title = {EpiDemo},
  subtitle= {SEIR-Type models},
  urldate={2023-07-31}
}

