@book{Dem1,
  doi = {10.1007/978-3-662-54847-9},
  year = {2018},
  publisher = {Springer Spektrum},
  address  = {Berlin and Heidelberg},
  author = {Wolfgang Demtr\"{o}der},
  title = {Experimentalphysik 1 - Mechanik und Wärme},
  edition = {1. Auflage},
}


@book{Dem2,
  doi = {10.1007/978-3-662-55790-7},
  year = {2017},
  publisher = {Springer Spektrum},
  address  = {Berlin and Heidelberg},
  author = {Wolfgang Demtr\"{o}der},
  title = {Experimentalphysik 2 - Elektrizität und Optik},
  edition = {7. Auflage},
}


@book{Griffiths,
  author = {David J. Griffiths},
  title = {Elektrodynamik},
  date = {2015},
  subtitle = {Eine Einführung},
  edition = {3. Auflage},
  publisher = {Pearson},
}


@book{Griffiths_Eng,
  doi = {10.1017/9781108333511},
  year = {2017},
  month = jun,
  publisher = {Cambridge University Press},
  author = {David J. Griffiths},
  title = {Introduction to Electrodynamics},
  edition = {4. edition},
}


@book{Gerthsen,
  doi = {10.1007/978-3-662-45977-5},
  year = {2015},
  publisher = {Springer Berlin Heidelberg},
  author = {Dieter Meschede},
  title = {Gerthsen Physik},
  edition = {25. Auflage}
}


@book{Bartelmann,
  doi = {10.1007/978-3-662-56115-7},
  year = {2018},
  publisher = {Springer Berlin Heidelberg},
  author = {Matthias Bartelmann and Bj\"{o}rn Feuerbacher and Timm Kr\"{u}ger and Dieter L\"{u}st and Anton Rebhan and Andreas Wipf},
  title = {Theoretische Physik 1 $\vert$ Mechanik}
}


@book{FliebachMechanik,
  doi = {10.1007/978-3-662-61603-1},
  year = {2020},
  publisher = {Springer Berlin Heidelberg},
  author = {Torsten Flie{\ss}bach},
  title = {Mechanik},
  edition = {8. Auflage}
}


@book{FliebachEM,
  doi = {10.1007/978-3-8274-3036-6},
  year = {2012},
  publisher = {Spektrum Akademischer Verlag},
  author = {Torsten Flie{\ss}bach},
  title = {Elektrodynamik},
  edition = {8. Auflage},
}


@book{FliessbachQM,
  doi = {10.1007/978-3-662-58031-8},
  year = {2018},
  publisher = {Springer Berlin Heidelberg},
  author = {Torsten Flie{\ss}bach},
  title = {Quantenmechanik},
  edition = {6. Auflage}
}


@book{Nolting51,
  doi = {10.1007/978-3-642-25403-1},
  year = {2013},
  publisher = {Springer Berlin Heidelberg},
  author = {Wolfgang Nolting},
  title = {Grundkurs Theoretische Physik 5/1},
  edition = {8. Auflage}
}


@book{Nolting52,
  doi = {10.1007/978-3-642-24421-6},
  year = {2012},
  publisher = {Springer Berlin Heidelberg},
  author = {Wolfgang Nolting},
  title = {Grundkurs Theoretische Physik 5/2},
  edition = {7. Auflage}
}


@book{HakenAtom,
  doi = {10.1007/978-3-642-18519-9},
  year = {2004},
  publisher = {Springer Berlin Heidelberg},
  author = {Hermann Haken and Hans Christoph Wolf},
  title = {Atom- und Quantenphysik},
  edition = {8. Auflage}
}


@book{HakenMolekuel,
  doi = {10.1007/978-3-662-08826-5},
  year = {2003},
  publisher = {Springer Berlin Heidelberg},
  author = {Hermann Haken and Hans Christoph Wolf},
  title = {Molekülphysik und Quantenchemie},
  edition = {4. Auflage}
}


@book{Dem3,
  doi = {10.1007/978-3-662-49094-5},
  year = {2016},
  publisher = {Springer Berlin Heidelberg},
  author = {Wolfgang Demtröder},
  title = {Experimentalphysik 3},
  edition = {5. Auflage}
}

% Hier erst den Link anpassen, Quelle nur für Grafiken geeignet da kein Lehrbuch.
@online{LP,
  url = {http://lp.uni-goettingen.de/get/text/4070},
  author = {Peter Schaaf},
  date = {},
  title = {Lehrportal Uni G\"{o}ttingen},
  subtitle= {Messung großer Widerstände},
  urldate={}
}